@misc{ine_discapacidad_2008,
	title = "\href{www.ine.es/revistas/cifraine/1009.pdf}{Panorámica de la discapacidad en España.} (\url{www.ine.es/revistas/cifraine/1009.pdf})",
	year = "Consultado en diciembre de 2017",
}
@misc{ue-98,
	title = "\href{https://eur-lex.europa.eu/legal-content/ES/TXT/PDF/?uri=CELEX:31998H0376&from=ES}{Recomendación del consejo de 4 de junio de 1998 sobre la creación de una tarjeta de estacionamiento para personas con discapacidad.} (\url{https://eur-lex.europa.eu/legal-content/ES/TXT/PDF/?uri=CELEX:31998H0376&from=ES})",
	year = "Consultado en diciembre de 2017",
}
@misc{l-1/1999,
	title = "\href{https://www.boe.es/boe/dias/1999/05/05/pdfs/A16579-16592.pdf}{Ley 1/1999, de 31 de marzo, de Atención a las Personas con Discapacidad en Andalucía.} (\url{https://www.boe.es/boe/dias/1999/05/05/pdfs/A16579-16592.pdf})",
	year = "Consultado en diciembre de 2017",
}
@misc{rdl1-2013,
	title = "\href{https://www.boe.es/buscar/pdf/2013/BOE-A-2013-12632-consolidado.pdf}{Real Decreto Legislativo 1/2013, de 29 de noviembre, por el que se aprueba el Texto Refundido de la Ley General de derechos de las personas con discapacidad y de su inclusión social.} (\url{https://www.boe.es/buscar/pdf/2013/BOE-A-2013-12632-consolidado.pdf})",
	year = "Consultado en diciembre de 2017",
}
@misc{rd1056-2014,
	title = "\href{https://www.boe.es/buscar/pdf/2014/BOE-A-2014-13362-consolidado.pdf}{Real Decreto 1056/2014, de 12 de diciembre, por el que se regulan las condiciones básicas de emisión y uso de la tarjeta de estacionamiento para personas con discapacidad.} (\url{https://www.boe.es/buscar/pdf/2014/BOE-A-2014-13362-consolidado.pdf})",
	year = "Consultado en diciembre de 2017",
}
@misc{l4-2017,
title = "\href{https://www.boe.es/boe/dias/2017/10/17/pdfs/BOE-A-2017-11910.pdf}{Ley 4/2017, de 25 de septiembre, de los Derechos y la Atención a las Personas con Discapacidad en Andalucía.} (\url{https://www.boe.es/boe/dias/2017/10/17/pdfs/BOE-A-2017-11910.pdf})",
year = "Consultado en diciembre de 2017",
}
@misc{rdl6-2015,
	title = "\href{https://www.boe.es/buscar/pdf/2015/BOE-A-2015-11722-consolidado.pdf}{Real Decreto Legislativo 6/2015, de 30 de octubre, por el que se aprueba el texto refundido de la Ley sobre Tráfico, Circulación de Vehículos a Motor y Seguridad Vial.} (\url{https://www.boe.es/buscar/pdf/2015/BOE-A-2015-11722-consolidado.pdf})",
	year = "Consultado en diciembre de 2017",
}
@misc{disabledPark,
	title = "\href{https://www.disabledpark.com/}{Disabled Park.} (\url{https://www.disabledpark.com/})",
	year = "Consultado en diciembre de 2017",
}
@misc{tommy,
title = "\href{http://www.pernoiautistici.com/2016/09/torna-dissuasore-tommy-2-0-rilevatore-elettronico-sara-la-volta-buona/}{Noticia sobre Tommy (italiano).} (\url{http://www.pernoiautistici.com/2016/09/torna-dissuasore-tommy-\\
2-0-rilevatore-elettronico-sara-la-volta-buona/})",
year = "Consultado en diciembre de 2017",
}
@misc{flynn,
	title = "\href{https://link.springer.com/book/10.1007%2F978-3-642-04818-0}{Parallel Programming: for Multicore and Cluster Systems. Springer 2010. Springer. Sección 2.2.} (\url{https://link.springer.com/book/10.1007%2F978-3-642-04818-0})",
	year = "Consultado en enero de 2018",
}
@misc{IEE_830-1998,
	title = "\href{https://standards.ieee.org/findstds/standard/830-1998.html}{IEEE Std 830-1998 - IEEE Recommended Practice for Software Requirements Specifications.} (\url{https://standards.ieee.org/findstds/standard/830-1998.html})",
	year = "Consultado en enero de 2018",
}
@misc{IEE_29148-2011,
	title = "\href{https://standards.ieee.org/findstds/standard/29148-2011.html}{ISO/IEC/IEEE 29148:2011(E) - ISO/IEC/IEEE International Standard - Systems and software engineering -- Life cycle processes --Requirements engineering.} (\url{https://standards.ieee.org/findstds/standard/29148-2011.html})",
	year = "Consultado en enero de 2018",
}
@misc{guia-docente-fis,
	title = "\href{http://grados.ugr.es/informatica/pages/infoacademica/guias_docentes/curso_actual/segundo/2semestre/etsiit_gii_fis_1718_fundamentosis/!}{Guía docente Fundamentos Ingeniería del Software.} (\url{http://grados.ugr.es/informatica/pages/infoacademica/guias_docentes/curso_actual/segundo/2semestre/etsiit_gii_fis_1718_fundamentosis/!})",
	year = "Consultado en enero de 2018",
}
@misc{electron,
	title = "\href{https://electronjs.org/}{Página oficial de Electron.} (\url{https://electronjs.org/})",
	year = "Consultado en enero de 2018",
}
@misc{proton-native,
title = "\href{https://proton-native.js.org/#/}{Página oficial de Proton Native.} (\url{https://proton-native.js.org/#/})",
year = "Consultado en enero de 2018",
}
@misc{linux-stats,
	title = "\href{https://w3techs.com/technologies/details/os-linux/all/all}{Estadísticas de SO Linux para servidores.} (\url{https://w3techs.com/technologies/details/os-linux/all/all})",
	year = "Consultado en enero de 2018",
}
@misc{api-rest,
title = "\href{https://www.ics.uci.edu/~fielding/pubs/dissertation/rest_arch_style}{Representational State Transfer (REST).} (\url{https://www.ics.uci.edu/~fielding/pubs/dissertation/rest_arch_style})",
year = "Consultado en enero de 2018",
}
@misc{spartial-bd-list,
	title = "\href{https://en.wikipedia.org/wiki/Spatial_database#List}{Lista de SGBD geoespaciales.} (\url{https://en.wikipedia.org/wiki/Spatial_database#List})",
	year = "Consultado en enero de 2018",
}
@misc{postgre-connectors,
	title = "\href{https://www.postgresql.org/docs/9.3/static/external-interfaces.html}{Lista de interfaces de lenguajes de PostgreSQL.} (\url{https://www.postgresql.org/docs/9.3/static/external-interfaces.html})",
	year = "Consultado en enero de 2018",
}
@misc{python-web-frameworks,
title = "\href{https://wiki.python.org/moin/WebFrameworks}{Lista de frameworks web de Python.} (\url{https://wiki.python.org/moin/WebFrameworks})",
year = "Consultado en enero de 2018",
}
@misc{xml-vs-json,
title = "\href{https://restfulapi.net/json-vs-xml/}{API REST: JSON vs XML.} (\url{https://restfulapi.net/json-vs-xml/})",
year = "Consultado en enero de 2018",
}
@misc{nginx,
title = "\href{https://www.nginx.com/}{Página oficial de Nginx.} (\url{https://www.nginx.com/})",
year = "Consultado en enero de 2018",
}
@misc{lighttpd,
title = "\href{https://www.lighttpd.net/}{Página oficial de Lighttpd.} (\url{https://www.lighttpd.net/})",
year = "Consultado en enero de 2018",
}
@misc{lista-vs,
title = "\href{https://en.wikipedia.org/wiki/Comparison_of_platform_virtualization_software}{Listado de aplicaciones de virtualización.} (\url{https://en.wikipedia.org/wiki/Comparison_of_platform_virtualization_software})",
year = "Consultado en enero de 2018",
}
@misc{instalacion-ubuntu-server,
title = "\href{https://tutorials.ubuntu.com/tutorial/tutorial-install-ubuntu-server#0}{Guía de instalación de Ubunte Server} (\url{https://tutorials.ubuntu.com/tutorial/tutorial-install-ubuntu-server#0})",
year = "Consultado en enero de 2018",
}
@misc{instalacion-postgis,
title = "\href{https://postgis.net/install/}{Instalación de PostGIS.} (\url{https://postgis.net/install/})",
year = "Consultado en enero de 2018",
}
@misc{jquery,
title = "\href{https://jquery.com/}{Página oficial de jQuery.} (\url{https://jquery.com/})",
year = "Consultado en enero de 2018",
}
@misc{bootstrap,
title = "\href{https://getbootstrap.com/}{Página oficial de Bootstrap.} (\url{https://getbootstrap.com/})",
year = "Consultado en enero de 2018",
}
@misc{angularjs,
title = "\href{https://angularjs.org/}{Página oficial de AngularJS.} (\url{https://angularjs.org/})",
year = "Consultado en enero de 2018",
}
@misc{google-maps-js-api,
title = "\href{https://developers.google.com/maps/documentation/javascript/?hl=es}{Página oficial de Google Maps para la API de JavaScript.} (\url{https://developers.google.com/maps/documentation/javascript/?hl=es})",
year = "Consultado en enero de 2018",
}
@misc{rfid-uid,
title = "\href{https://blog.pepperl-fuchs.us/blog/bid/263665/ISO-Standard-RFID-Tags-Decoded}{Campos RFID, extracción del estándar.} (\url{https://blog.pepperl-fuchs.us/blog/bid/263665/ISO-Standard-RFID-Tags-Decoded})",
year = "Consultado en febrero de 2018",
}
@misc{esp8266,
title = "\href{https://en.wikipedia.org/wiki/ESP8266}{ESP8266.} (\url{https://en.wikipedia.org/wiki/ESP8266})",
year = "Consultado en febrero de 2018",
}
@misc{nodemcu,
title = "\href{http://nodemcu.com/index_en.html}{Página oficial de NodeMCU.} (\url{http://nodemcu.com/index_en.html})",
year = "Consultado en febrero de 2018",
}
@misc{huzzah,
title = "\href{https://www.adafruit.com/product/2471}{Página oficial de Adafruit Huzzah.} (\url{https://www.adafruit.com/product/2471})",
year = "Consultado en febrero de 2018",
}
@misc{sparkfun-esp8266,
title = "\href{https://www.sparkfun.com/products/13678}{Página oficial de Sparkfun ESP8266.} (\url{https://www.sparkfun.com/products/13678})",
year = "Consultado en febrero de 2018",
}
@misc{d1,
title = "\href{https://wiki.wemos.cc/products:d1:d1_mini_pro}{Documentación oficial de la placa Wemos D1 mini Pro.} (\url{https://wiki.wemos.cc/products:d1:d1_mini_pro})",
year = "Consultado en febrero de 2018",
}
@misc{nodemcu-firmware,
title = "\href{https://github.com/nodemcu/nodemcu-firmware}{NodeMCU Firmware.} (\url{https://github.com/nodemcu/nodemcu-firmware})",
year = "Consultado en febrero de 2018",
}
@misc{lua,
title = "\href{https://www.lua.org/}{Página oficial de Lua.} (\url{https://github.com/nodemcu/nodemcu-firmware})",
year = "Consultado en febrero de 2018",
}
@misc{micropython,
title = "\href{https://micropython.org/}{Página oficial de Micropython.} (\url{https://micropython.org/})",
year = "Consultado en febrero de 2018",
}
@misc{arduino,
title = "\href{https://www.arduino.cc/}{Página oficial de Arduino.} (\url{https://www.arduino.cc/})",
year = "Consultado en febrero de 2018",
}
@misc{rfid-especs,
title = "\href{https://www.nxp.com/docs/en/data-sheet/MFRC522.pdf}{Especificaciones del lector MFRC522.} (\url{https://www.nxp.com/docs/en/data-sheet/MFRC522.pdf})",
year = "Consultado en febrero de 2018",
}
@misc{rfid-modulo,
title = "\href{https://www.sunrom.com/p/mifare-rfid-readerwriter-1356mhz-rc522}{Especificaciones del módulo RFID-RC522.} (\url{https://www.sunrom.com/p/mifare-rfid-readerwriter-1356mhz-rc522})",
year = "Consultado en febrero de 2018",
}
@misc{spi,
title = "\href{https://learn.sparkfun.com/tutorials/serial-peripheral-interface-spi}{BUS SPI.} (\url{https://learn.sparkfun.com/tutorials/serial-peripheral-interface-spi})",
year = "Consultado en febrero de 2018",
}
@misc{esp8266-pins,
title = "\href{https://www.esp8266.com/wiki/doku.php?id=esp8266_gpio_pin_allocations}{ESP8266 documentación pins.} (\url{https://www.esp8266.com/wiki/doku.php?id=esp8266_gpio_pin_allocations})",
year = "Consultado en febrero de 2018",
}
@misc{hcsr04,
title = "\href{https://cdn.sparkfun.com/datasheets/Sensors/Proximity/HCSR04.pdf}{Especificación HC-SR04.} (\url{https://cdn.sparkfun.com/datasheets/Sensors/Proximity/HCSR04.pdf})",
year = "Consultado en febrero de 2018",
}
@misc{bootstrap-notify,
title = "\href{http://bootstrap-notify.remabledesigns.com/}{Página oficial de Bootstrap Notify.} (\url{http://bootstrap-notify.remabledesigns.com/})",
year = "Consultado en marzo de 2018",
}
@misc{ionic,
title = "\href{https://ionicframework.com/}{Página oficial de Ionic Framework.} (\url{https://ionicframework.com/})",
year = "Consultado en abril de 2018",
}
@misc{phonegap,
title = "\href{https://phonegap.com/}{Página oficial de Adobe PhoneGap.} (\url{https://phonegap.com/})",
year = "Consultado en abril de 2018",
}
@misc{volley,
title = "\href{https://developer.android.com/training/volley/}{Documentación de Volley.} (\url{https://developer.android.com/training/volley/})",
year = "Consultado en abril de 2018",
}
@misc{android-maps,
title = "\href{https://developers.google.com/maps/documentation/android-sdk/intro}{SDK de Google Maps para Android.} (\url{https://developers.google.com/maps/documentation/android-sdk/intro})",
year = "Consultado en abril de 2018",
}
@misc{android-maps-intent,
title = "\href{https://developers.google.com/maps/documentation/urls/android-intents#launch_turn-by-turn_navigation}{Intents de Google Maps en Android.} (\url{https://developers.google.com/maps/documentation/urls/android-intents#launch_turn-by-turn_navigation})",
year = "Consultado en abril de 2018",
}
@misc{firebase,
title = "\href{https://firebase.google.com/docs/guides/}{Documentación de Firebase.} (\url{https://firebase.google.com/docs/guides/})",
year = "Consultado en abril de 2018",
}
@misc{movilidad,
title = "\href{http://www.movilidadgranada.com/}{Página del centro de gestión integral de movilidad de Ayuntamiento de Granada.} (\url{http://www.movilidadgranada.com/})",
year = "Consultado en junio de 2018",
}
@misc{kml,
title = "\href{https://developers.google.com/kml/}{KML - Keyhole Markup Language.} (\url{https://developers.google.com/kml/})",
year = "Consultado en junio de 2018",
}
@misc{,
title = "\href{}{.} (\url{})",
year = "Consultado en junio de 2018",
}